<record><leader>00000cas a22000007a 4500</leader><controlfield tag="001">19579885</controlfield><controlfield tag="008">890421d19111921nduwr ne      0    0eng d</controlfield><datafield ind1=" " ind2=" " tag="010"><subfield code="a">sn 89074089 </subfield></datafield><datafield ind1=" " ind2=" " tag="040"><subfield code="a">NOP</subfield><subfield code="b">eng</subfield><subfield code="c">NOP</subfield><subfield code="d">OCLCQ</subfield></datafield><datafield ind1=" " ind2=" " tag="042"><subfield code="a">msc</subfield></datafield><datafield ind1="0" ind2=" " tag="130"><subfield code="a">Leith index (Leith, N.D. : 1911)</subfield></datafield><datafield ind1="1" ind2="4" tag="245"><subfield code="a">The Leith index.</subfield></datafield><datafield ind1="1" ind2="3" tag="246"><subfield code="a">Leith index and Raleigh herald</subfield></datafield><datafield ind1=" " ind2=" " tag="260"><subfield code="a">Leith, Morton County, N.D. :</subfield><subfield code="b">C.H. Crockard</subfield></datafield><datafield ind1=" " ind2=" " tag="300"><subfield code="a">11 v. :</subfield><subfield code="b">ill.</subfield></datafield><datafield ind1=" " ind2=" " tag="310"><subfield code="a">Weekly</subfield></datafield><datafield ind1="0" ind2=" " tag="362"><subfield code="a">Vol. 1, no. 1 (Oct. 20, 1911)-v. 10, no. 41 (Sept. 2, 1921).</subfield></datafield><datafield ind1=" " ind2=" " tag="500"><subfield code="a">Merged with The Raleigh herald under the title: The Leith index and Raleigh herald (Nov. 17, 1911-May 10, 1912?).</subfield></datafield><datafield ind1=" " ind2=" " tag="530"><subfield code="a">Available on microfilm from the State Historical Society of North Dakota.</subfield></datafield><datafield ind1=" " ind2=" " tag="752"><subfield code="a">United States</subfield><subfield code="b">North Dakota</subfield><subfield code="c">Grant</subfield><subfield code="d">Leith.</subfield></datafield><datafield ind1=" " ind2=" " tag="752"><subfield code="a">United States</subfield><subfield code="b">North Dakota</subfield><subfield code="c">Morton</subfield><subfield code="d">Leith.</subfield></datafield><datafield ind1=" " ind2=" " tag="752"><subfield code="a">United States</subfield><subfield code="b">North Dakota</subfield><subfield code="c">Grant</subfield><subfield code="d">Raleigh.</subfield></datafield></record>